@article{hands_thirring2016,
   title="{Towards critical physics in 2+1d with U(2N )-invariant fermions}",
   volume={2016},
   ISSN={1029-8479},
   url={http://dx.doi.org/10.1007/JHEP11(2016)015},
   DOI={10.1007/jhep11(2016)015},
   number={11},
   journal={Journal of High Energy Physics},
   publisher={Springer Science and Business Media LLC},
   author={Hands, Simon},
   year={2016},
   month={Nov} }
